@article{bello2019advances,
  author={Bello, Lucia Lo and Mariani, Riccardo and Mubeen, Saad and Saponara, Sergio},
  journal={IEEE Transactions on Industrial Informatics}, 
  title={Recent Advances and Trends in On-Board Embedded and Networked Automotive Systems}, 
  year={2019},
  volume={15},
  number={2},
  pages={1038-1051},
  keywords={Automotive engineering;Automobiles;Standards;Safety;Computer architecture;Software;Automotive Ethernet;automotive software (SW);embedded systems;functional safety;on-board security;real-time (RT) networks;time-sensitive networking},
  doi={10.1109/TII.2018.2879544}
}

@misc{habibian2019video,
  title={Video Compression With Rate-Distortion Autoencoders},
  author={Habibian, Amirhossein and van Rozendaal, Ties and Tomczak, Jakub M. and Cohen, Taco S.},
  year={2019},
  eprint={1908.05717},
  archivePrefix={arXiv},
  primaryClass={eess.IV},
  doi={10.48550/arXiv.1908.05717},
  note={Accepted to ICCV 2019},
  url={https://arxiv.org/abs/1908.05717}
}

@article{barakat2025fisheye,
  title={A comprehensive study of fisheye image compression and perception for autonomous driving},
  author={Barakat, Bilal and Sobh, Islam and Wong, Chi Cheung and Others},
  journal={Neural Computing and Applications},
  volume={37},
  pages={5765--5780},
  year={2025},
  doi={10.1007/s00521-024-10831-w},
  publisher={Springer},
  note={Early access / Online first if not yet assigned issue},
  keywords={fisheye compression, autonomous driving, perception, learned image compression}
}